<record><recordSchema>MARC21-xml</recordSchema><recordPacking>xml</recordPacking><recordData><record xmlns="http://www.loc.gov/MARC21/slim" type="Bibliographic">
    <leader>00000nam a2200000uc 4500</leader>
    <controlfield tag="001">136187211X</controlfield>
    <controlfield tag="003">DE-101</controlfield>
    <controlfield tag="005">20260404170438.0</controlfield>
    <controlfield tag="007">cr||||||||||||</controlfield>
    <controlfield tag="008">250331s2025    gw |||||o|||| 00||||ger  </controlfield>
    <datafield tag="015" ind1=" " ind2=" ">
      <subfield code="a">25,O04</subfield>
      <subfield code="2">dnb</subfield>
    </datafield>
    <datafield tag="016" ind1="7" ind2=" ">
      <subfield code="2">DE-101</subfield>
      <subfield code="a">136187211X</subfield>
    </datafield>
    <datafield tag="020" ind1=" " ind2=" ">
      <subfield code="a">9783756919673</subfield>
      <subfield code="9">978-3-7569-1967-3</subfield>
    </datafield>
    <datafield tag="024" ind1="7" ind2=" ">
      <subfield code="2">urn</subfield>
      <subfield code="a">urn:nbn:de:101:1-2503310623060.510745396640</subfield>
    </datafield>
    <datafield tag="028" ind1="5" ind2="2">
      <subfield code="a">Bestellnummer: YDRILO012E</subfield>
    </datafield>
    <datafield tag="035" ind1=" " ind2=" ">
      <subfield code="a">(DE-599)DNB136187211X</subfield>
    </datafield>
    <datafield tag="035" ind1=" " ind2=" ">
      <subfield code="a">(OCoLC)1513059366</subfield>
    </datafield>
    <datafield tag="040" ind1=" " ind2=" ">
      <subfield code="a">1240</subfield>
      <subfield code="b">ger</subfield>
      <subfield code="c">DE-101</subfield>
      <subfield code="d">9999</subfield>
    </datafield>
    <datafield tag="041" ind1=" " ind2=" ">
      <subfield code="8">1\p</subfield>
      <subfield code="a">ger</subfield>
      <subfield code="h">eng</subfield>
    </datafield>
    <datafield tag="044" ind1=" " ind2=" ">
      <subfield code="c">XA-DE-BW</subfield>
    </datafield>
    <datafield tag="082" ind1="7" ind2="4">
      <subfield code="8">5\p</subfield>
      <subfield code="a">741.5</subfield>
      <subfield code="q">DE-101</subfield>
      <subfield code="2">23sdnb</subfield>
    </datafield>
    <datafield tag="100" ind1="1" ind2=" ">
      <subfield code="8">2\p</subfield>
      <subfield code="0">(DE-588)1018729127</subfield>
      <subfield code="0">https://d-nb.info/gnd/1018729127</subfield>
      <subfield code="0">(DE-101)1018729127</subfield>
      <subfield code="a">Aaronovitch, Ben</subfield>
      <subfield code="d">1964-</subfield>
      <subfield code="e">Verfasser</subfield>
      <subfield code="4">aut</subfield>
      <subfield code="2">gnd</subfield>
    </datafield>
    <datafield tag="245" ind1="1" ind2="0">
      <subfield code="a">&#152;Die&#156; Flüsse von London (Band 12) - Katzenmusik</subfield>
      <subfield code="c">Ben Aaronovitch, Andrew Cartmel</subfield>
    </datafield>
    <datafield tag="250" ind1=" " ind2=" ">
      <subfield code="a">1. Auflage</subfield>
    </datafield>
    <datafield tag="264" ind1=" " ind2="1">
      <subfield code="a">Stuttgart</subfield>
      <subfield code="b">Panini</subfield>
      <subfield code="c">2025</subfield>
    </datafield>
    <datafield tag="300" ind1=" " ind2=" ">
      <subfield code="a">Online-Ressource, 114 Seiten</subfield>
    </datafield>
    <datafield tag="336" ind1=" " ind2=" ">
      <subfield code="a">Text</subfield>
      <subfield code="b">txt</subfield>
      <subfield code="2">rdacontent</subfield>
    </datafield>
    <datafield tag="337" ind1=" " ind2=" ">
      <subfield code="a">Computermedien</subfield>
      <subfield code="b">c</subfield>
      <subfield code="2">rdamedia</subfield>
    </datafield>
    <datafield tag="338" ind1=" " ind2=" ">
      <subfield code="a">Online-Ressource</subfield>
      <subfield code="b">cr</subfield>
      <subfield code="2">rdacarrier</subfield>
    </datafield>
    <datafield tag="490" ind1="1" ind2=" ">
      <subfield code="a">Die Flüsse von London</subfield>
      <subfield code="v">12</subfield>
    </datafield>
    <datafield tag="583" ind1="1" ind2=" ">
      <subfield code="a">Archivierung/Langzeitarchivierung gewährleistet</subfield>
      <subfield code="5">DE-101</subfield>
      <subfield code="2">pdager</subfield>
    </datafield>
    <datafield tag="653" ind1=" " ind2=" ">
      <subfield code="a">(Produktform)Electronic book text</subfield>
    </datafield>
    <datafield tag="653" ind1=" " ind2=" ">
      <subfield code="a">(Zielgruppe)ab 12 Jahre</subfield>
    </datafield>
    <datafield tag="653" ind1=" " ind2=" ">
      <subfield code="a">(BISAC Subject Heading)CGN004070</subfield>
    </datafield>
    <datafield tag="653" ind1=" " ind2=" ">
      <subfield code="a">Ben Aaronovitch</subfield>
    </datafield>
    <datafield tag="653" ind1=" " ind2=" ">
      <subfield code="a">Mystery</subfield>
    </datafield>
    <datafield tag="653" ind1=" " ind2=" ">
      <subfield code="a">Peter Grant</subfield>
    </datafield>
    <datafield tag="653" ind1=" " ind2=" ">
      <subfield code="a">Comic zur Romanreihe</subfield>
    </datafield>
    <datafield tag="653" ind1=" " ind2=" ">
      <subfield code="a">(VLB-WN)9181</subfield>
    </datafield>
    <datafield tag="700" ind1="1" ind2=" ">
      <subfield code="8">3\p</subfield>
      <subfield code="0">(DE-588)1180751140</subfield>
      <subfield code="0">https://d-nb.info/gnd/1180751140</subfield>
      <subfield code="0">(DE-101)1180751140</subfield>
      <subfield code="a">Cartmel, Andrew</subfield>
      <subfield code="d">1958-</subfield>
      <subfield code="e">Verfasser</subfield>
      <subfield code="4">aut</subfield>
      <subfield code="2">gnd</subfield>
    </datafield>
    <datafield tag="700" ind1="1" ind2=" ">
      <subfield code="8">4\p</subfield>
      <subfield code="a">Beroy, Jose Maria</subfield>
      <subfield code="e">Illustrator</subfield>
      <subfield code="4">ill</subfield>
    </datafield>
    <datafield tag="776" ind1="0" ind2="8">
      <subfield code="i">Erscheint auch als</subfield>
      <subfield code="n">Druck-Ausgabe</subfield>
      <subfield code="z">9783741642456</subfield>
    </datafield>
    <datafield tag="830" ind1=" " ind2="0">
      <subfield code="a">Die Flüsse von London</subfield>
      <subfield code="v">12</subfield>
    </datafield>
    <datafield tag="850" ind1=" " ind2=" ">
      <subfield code="a">DE-101a</subfield>
      <subfield code="a">DE-101b</subfield>
    </datafield>
    <datafield tag="856" ind1="4" ind2="0">
      <subfield code="u">https://nbn-resolving.org/urn:nbn:de:101:1-2503310623060.510745396640</subfield>
      <subfield code="x">Resolving-System</subfield>
    </datafield>
    <datafield tag="856" ind1=" " ind2="0">
      <subfield code="u">https://d-nb.info/136187211X/34</subfield>
      <subfield code="x">Langzeitarchivierung Nationalbibliothek</subfield>
    </datafield>
    <datafield tag="856" ind1="4" ind2=" ">
      <subfield code="q">application/pdf</subfield>
      <subfield code="u">http://www.paninicomics.de</subfield>
      <subfield code="x">Verlag</subfield>
    </datafield>
    <datafield tag="883" ind1="1" ind2=" ">
      <subfield code="8">1\p</subfield>
      <subfield code="a">npi</subfield>
      <subfield code="d">20250331</subfield>
      <subfield code="q">DE-101</subfield>
      <subfield code="u">https://d-nb.info/provenance/plan#npi</subfield>
    </datafield>
    <datafield tag="883" ind1="0" ind2=" ">
      <subfield code="8">2\p</subfield>
      <subfield code="a">ptc001</subfield>
      <subfield code="d">20260117</subfield>
      <subfield code="q">DE-101</subfield>
      <subfield code="u">https://d-nb.info/provenance/plan#ptc001</subfield>
    </datafield>
    <datafield tag="883" ind1="0" ind2=" ">
      <subfield code="8">3\p</subfield>
      <subfield code="a">ptc001</subfield>
      <subfield code="d">20250611</subfield>
      <subfield code="q">DE-101</subfield>
      <subfield code="u">https://d-nb.info/provenance/plan#ptc001</subfield>
    </datafield>
    <datafield tag="883" ind1="1" ind2=" ">
      <subfield code="8">4\p</subfield>
      <subfield code="a">npi</subfield>
      <subfield code="d">20250331</subfield>
      <subfield code="q">DE-101</subfield>
      <subfield code="u">https://d-nb.info/provenance/plan#npi</subfield>
    </datafield>
    <datafield tag="883" ind1="0" ind2=" ">
      <subfield code="8">5\p</subfield>
      <subfield code="a">emasg</subfield>
      <subfield code="c">0,55993</subfield>
      <subfield code="d">20250401</subfield>
      <subfield code="q">DE-101</subfield>
      <subfield code="u">https://d-nb.info/provenance/plan#emasg</subfield>
    </datafield>
    <datafield tag="925" ind1="r" ind2=" ">
      <subfield code="a">ro</subfield>
      <subfield code="a">ra</subfield>
    </datafield>
    <datafield tag="926" ind1="1" ind2=" ">
      <subfield code="a">XAK</subfield>
      <subfield code="o">93</subfield>
      <subfield code="v">1.5</subfield>
    </datafield>
    <datafield tag="927" ind1=" " ind2=" ">
      <subfield code="a">227377172</subfield>
    </datafield>
  </record></recordData><recordPosition>3</recordPosition></record>