<record><recordSchema>MARC21-xml</recordSchema><recordPacking>xml</recordPacking><recordData><record xmlns="http://www.loc.gov/MARC21/slim" type="Bibliographic">
    <leader>00000pam a2200000 c 4500</leader>
    <controlfield tag="001">1345845073</controlfield>
    <controlfield tag="003">DE-101</controlfield>
    <controlfield tag="005">20260316105712.0</controlfield>
    <controlfield tag="007">tu</controlfield>
    <controlfield tag="008">241023s2025    gw ||||| |||| 00||||ger  </controlfield>
    <datafield tag="015" ind1=" " ind2=" ">
      <subfield code="a">25,A45</subfield>
      <subfield code="z">24,N44</subfield>
      <subfield code="2">dnb</subfield>
    </datafield>
    <datafield tag="016" ind1="7" ind2=" ">
      <subfield code="2">DE-101</subfield>
      <subfield code="a">1345845073</subfield>
    </datafield>
    <datafield tag="020" ind1=" " ind2=" ">
      <subfield code="a">9783423264204</subfield>
      <subfield code="c">Broschur : circa EUR 17.00 (DE), circa EUR 17.50 (AT), circa CHF 22.90 (freier Preis)</subfield>
      <subfield code="9">978-3-423-26420-4</subfield>
    </datafield>
    <datafield tag="020" ind1=" " ind2=" ">
      <subfield code="a">3423264209</subfield>
      <subfield code="9">3-423-26420-9</subfield>
    </datafield>
    <datafield tag="024" ind1="3" ind2=" ">
      <subfield code="a">9783423264204</subfield>
    </datafield>
    <datafield tag="035" ind1=" " ind2=" ">
      <subfield code="a">(DE-599)DNB1345845073</subfield>
    </datafield>
    <datafield tag="035" ind1=" " ind2=" ">
      <subfield code="a">(OCoLC)1530565441</subfield>
    </datafield>
    <datafield tag="040" ind1=" " ind2=" ">
      <subfield code="a">1245</subfield>
      <subfield code="b">ger</subfield>
      <subfield code="c">DE-101</subfield>
      <subfield code="d">1140</subfield>
      <subfield code="e">rda</subfield>
    </datafield>
    <datafield tag="041" ind1=" " ind2=" ">
      <subfield code="a">ger</subfield>
      <subfield code="h">eng</subfield>
    </datafield>
    <datafield tag="044" ind1=" " ind2=" ">
      <subfield code="c">XA-DE-BY</subfield>
    </datafield>
    <datafield tag="082" ind1="7" ind2="4">
      <subfield code="8">4\p</subfield>
      <subfield code="a">820</subfield>
      <subfield code="a">B</subfield>
      <subfield code="q">DE-101</subfield>
      <subfield code="2">23sdnb</subfield>
    </datafield>
    <datafield tag="100" ind1="1" ind2=" ">
      <subfield code="8">1\p</subfield>
      <subfield code="0">(DE-588)1018729127</subfield>
      <subfield code="0">https://d-nb.info/gnd/1018729127</subfield>
      <subfield code="0">(DE-101)1018729127</subfield>
      <subfield code="0">(isni)0000000039446780</subfield>
      <subfield code="a">Aaronovitch, Ben</subfield>
      <subfield code="d">1964-</subfield>
      <subfield code="e">Verfasser</subfield>
      <subfield code="4">aut</subfield>
      <subfield code="2">gnd</subfield>
    </datafield>
    <datafield tag="240" ind1="1" ind2="0">
      <subfield code="a">Stone and sky</subfield>
    </datafield>
    <datafield tag="245" ind1="1" ind2="0">
      <subfield code="a">&#152;Die&#156; Meerjungfrauen von Aberdeen</subfield>
      <subfield code="b">Roman</subfield>
      <subfield code="c">Ben Aaronovitch ; Deutsch von Christine Blum</subfield>
    </datafield>
    <datafield tag="250" ind1=" " ind2=" ">
      <subfield code="a">Deutsche Erstausgabe</subfield>
    </datafield>
    <datafield tag="264" ind1=" " ind2="1">
      <subfield code="a">München</subfield>
      <subfield code="b">dtv</subfield>
      <subfield code="c">2025</subfield>
    </datafield>
    <datafield tag="300" ind1=" " ind2=" ">
      <subfield code="a">414 Seiten</subfield>
      <subfield code="c">21 cm, 486 g</subfield>
    </datafield>
    <datafield tag="336" ind1=" " ind2=" ">
      <subfield code="a">Text</subfield>
      <subfield code="b">txt</subfield>
      <subfield code="2">rdacontent</subfield>
    </datafield>
    <datafield tag="337" ind1=" " ind2=" ">
      <subfield code="a">ohne Hilfsmittel zu benutzen</subfield>
      <subfield code="b">n</subfield>
      <subfield code="2">rdamedia</subfield>
    </datafield>
    <datafield tag="338" ind1=" " ind2=" ">
      <subfield code="a">Band</subfield>
      <subfield code="b">nc</subfield>
      <subfield code="2">rdacarrier</subfield>
    </datafield>
    <datafield tag="653" ind1=" " ind2=" ">
      <subfield code="a">(Produktform)Paperback / softback</subfield>
    </datafield>
    <datafield tag="653" ind1=" " ind2=" ">
      <subfield code="a">(Produktform (spezifisch))Paperback (DE)</subfield>
    </datafield>
    <datafield tag="653" ind1=" " ind2=" ">
      <subfield code="a">Rivers of London</subfield>
    </datafield>
    <datafield tag="653" ind1=" " ind2=" ">
      <subfield code="a">Urban Fantasy</subfield>
    </datafield>
    <datafield tag="653" ind1=" " ind2=" ">
      <subfield code="a">Rivers of London 10</subfield>
    </datafield>
    <datafield tag="653" ind1=" " ind2=" ">
      <subfield code="a">Peter Grant</subfield>
    </datafield>
    <datafield tag="653" ind1=" " ind2=" ">
      <subfield code="a">Londoner Bobby</subfield>
    </datafield>
    <datafield tag="653" ind1=" " ind2=" ">
      <subfield code="a">Magie</subfield>
    </datafield>
    <datafield tag="653" ind1=" " ind2=" ">
      <subfield code="a">DCI Thomas Nightingale</subfield>
    </datafield>
    <datafield tag="653" ind1=" " ind2=" ">
      <subfield code="a">Bestsellerautor</subfield>
    </datafield>
    <datafield tag="653" ind1=" " ind2=" ">
      <subfield code="a">Bestseller-Serie</subfield>
    </datafield>
    <datafield tag="653" ind1=" " ind2=" ">
      <subfield code="a">Die Flüsse von London</subfield>
    </datafield>
    <datafield tag="653" ind1=" " ind2=" ">
      <subfield code="a">Metropolitan Police</subfield>
    </datafield>
    <datafield tag="653" ind1=" " ind2=" ">
      <subfield code="a">Kult-Serie</subfield>
    </datafield>
    <datafield tag="653" ind1=" " ind2=" ">
      <subfield code="a">britischer Humor</subfield>
    </datafield>
    <datafield tag="653" ind1=" " ind2=" ">
      <subfield code="a">Zauberlehrling</subfield>
    </datafield>
    <datafield tag="653" ind1=" " ind2=" ">
      <subfield code="a">Harry Potter auf Speed</subfield>
    </datafield>
    <datafield tag="653" ind1=" " ind2=" ">
      <subfield code="a">Folly</subfield>
    </datafield>
    <datafield tag="653" ind1=" " ind2=" ">
      <subfield code="a">Schottland</subfield>
    </datafield>
    <datafield tag="653" ind1=" " ind2=" ">
      <subfield code="a">Neuerscheinung</subfield>
    </datafield>
    <datafield tag="653" ind1=" " ind2=" ">
      <subfield code="a">Fortsetzung</subfield>
    </datafield>
    <datafield tag="653" ind1=" " ind2=" ">
      <subfield code="a">Bestseller-Autor</subfield>
    </datafield>
    <datafield tag="653" ind1=" " ind2=" ">
      <subfield code="a">magische Wesen</subfield>
    </datafield>
    <datafield tag="653" ind1=" " ind2=" ">
      <subfield code="a">Meerjungfrauen</subfield>
    </datafield>
    <datafield tag="653" ind1=" " ind2=" ">
      <subfield code="a">Aberdeen</subfield>
    </datafield>
    <datafield tag="653" ind1=" " ind2=" ">
      <subfield code="a">London</subfield>
    </datafield>
    <datafield tag="653" ind1=" " ind2=" ">
      <subfield code="a">(VLB-WN)1132: Hardcover, Softcover / Belletristik/Fantasy</subfield>
    </datafield>
    <datafield tag="653" ind1=" " ind2=" ">
      <subfield code="a">(BISAC Subject Heading)FIC009000</subfield>
    </datafield>
    <datafield tag="653" ind1=" " ind2=" ">
      <subfield code="a">(BISAC Subject Heading)FIC009060</subfield>
    </datafield>
    <datafield tag="655" ind1=" " ind2="7">
      <subfield code="0">(DE-588)1071854844</subfield>
      <subfield code="0">https://d-nb.info/gnd/1071854844</subfield>
      <subfield code="0">(DE-101)1071854844</subfield>
      <subfield code="a">Fiktionale Darstellung</subfield>
      <subfield code="2">gnd-content</subfield>
    </datafield>
    <datafield tag="655" ind1=" " ind2="7">
      <subfield code="0">(DE-101)1010885626</subfield>
      <subfield code="a">Fantasy</subfield>
      <subfield code="2">gatbeg</subfield>
    </datafield>
    <datafield tag="700" ind1="1" ind2=" ">
      <subfield code="8">2\p</subfield>
      <subfield code="0">(DE-588)124753760</subfield>
      <subfield code="0">https://d-nb.info/gnd/124753760</subfield>
      <subfield code="0">(DE-101)124753760</subfield>
      <subfield code="0">(isni)0000000014672909</subfield>
      <subfield code="a">Blum, Christine</subfield>
      <subfield code="e">Übersetzer</subfield>
      <subfield code="4">trl</subfield>
      <subfield code="2">gnd</subfield>
    </datafield>
    <datafield tag="710" ind1="2" ind2=" ">
      <subfield code="8">3\p</subfield>
      <subfield code="0">(DE-588)2008574-6</subfield>
      <subfield code="0">https://d-nb.info/gnd/2008574-6</subfield>
      <subfield code="0">(DE-101)004683269</subfield>
      <subfield code="a">Deutscher Taschenbuch-Verlag</subfield>
      <subfield code="g">München</subfield>
      <subfield code="e">Verlag</subfield>
      <subfield code="4">pbl</subfield>
      <subfield code="2">gnd</subfield>
    </datafield>
    <datafield tag="776" ind1="0" ind2="8">
      <subfield code="i">Erscheint auch als</subfield>
      <subfield code="n">Online-Ausgabe</subfield>
      <subfield code="a">Aaronovitch, Ben, 1964-</subfield>
      <subfield code="t">&#152;Die&#156; Meerjungfrauen von Aberdeen</subfield>
      <subfield code="d">München : dtv, 2025</subfield>
      <subfield code="h">Online-Ressource, 416 Seiten</subfield>
      <subfield code="w">(DE-101)1371892784</subfield>
      <subfield code="b">1. Auflage</subfield>
    </datafield>
    <datafield tag="787" ind1="0" ind2="8">
      <subfield code="i">In Beziehung stehende Ressource</subfield>
      <subfield code="z">9783423213417</subfield>
    </datafield>
    <datafield tag="787" ind1="0" ind2="8">
      <subfield code="i">In Beziehung stehende Ressource</subfield>
      <subfield code="z">9783423213806</subfield>
    </datafield>
    <datafield tag="787" ind1="0" ind2="8">
      <subfield code="i">In Beziehung stehende Ressource</subfield>
      <subfield code="z">9783423214483</subfield>
    </datafield>
    <datafield tag="850" ind1=" " ind2=" ">
      <subfield code="a">DE-101a</subfield>
      <subfield code="a">DE-101b</subfield>
    </datafield>
    <datafield tag="856" ind1="4" ind2="2">
      <subfield code="m">X:MVB</subfield>
      <subfield code="q">text/html</subfield>
      <subfield code="u">http://deposit.dnb.de/cgi-bin/dokserv?id=cbea138de6f04806917e34d8aed6f3c1&amp;prov=M&amp;dok_var=1&amp;dok_ext=htm</subfield>
      <subfield code="3">Inhaltstext</subfield>
    </datafield>
    <datafield tag="883" ind1="2" ind2=" ">
      <subfield code="8">1\p</subfield>
      <subfield code="a">dnb</subfield>
      <subfield code="d">20251022</subfield>
      <subfield code="q">DE-101</subfield>
      <subfield code="u">https://d-nb.info/provenance/plan#dnb</subfield>
    </datafield>
    <datafield tag="883" ind1="2" ind2=" ">
      <subfield code="8">2\p</subfield>
      <subfield code="a">dnb</subfield>
      <subfield code="d">20251022</subfield>
      <subfield code="q">DE-101</subfield>
      <subfield code="u">https://d-nb.info/provenance/plan#dnb</subfield>
    </datafield>
    <datafield tag="883" ind1="1" ind2=" ">
      <subfield code="8">3\p</subfield>
      <subfield code="a">adb</subfield>
      <subfield code="d">20241023</subfield>
      <subfield code="q">DE-101</subfield>
      <subfield code="u">https://d-nb.info/provenance/plan#adb</subfield>
    </datafield>
    <datafield tag="883" ind1="2" ind2=" ">
      <subfield code="8">4\p</subfield>
      <subfield code="a">dnb</subfield>
      <subfield code="d">20251028</subfield>
      <subfield code="q">DE-101</subfield>
      <subfield code="u">https://d-nb.info/provenance/plan#dnb</subfield>
    </datafield>
    <datafield tag="925" ind1="r" ind2=" ">
      <subfield code="a">ra</subfield>
    </datafield>
    <datafield tag="926" ind1="1" ind2=" ">
      <subfield code="a">FMM</subfield>
      <subfield code="o">93</subfield>
      <subfield code="q">Publisher</subfield>
      <subfield code="v">1.6</subfield>
      <subfield code="x">Magischer Realismus</subfield>
    </datafield>
    <datafield tag="926" ind1="2" ind2=" ">
      <subfield code="a">FMX</subfield>
      <subfield code="o">93</subfield>
      <subfield code="q">Publisher</subfield>
      <subfield code="v">1.6</subfield>
      <subfield code="x">Urban Fantasy</subfield>
    </datafield>
    <datafield tag="926" ind1="2" ind2=" ">
      <subfield code="a">FFP</subfield>
      <subfield code="o">93</subfield>
      <subfield code="q">Publisher</subfield>
      <subfield code="v">1.6</subfield>
      <subfield code="x">Kriminalromane und Mystery: Polizeiarbeit &amp; Forensik</subfield>
    </datafield>
    <datafield tag="926" ind1="2" ind2=" ">
      <subfield code="a">FM</subfield>
      <subfield code="o">93</subfield>
      <subfield code="q">Publisher</subfield>
      <subfield code="v">1.6</subfield>
      <subfield code="x">Fantasyliteratur</subfield>
    </datafield>
    <datafield tag="926" ind1="2" ind2=" ">
      <subfield code="a">1DDU-GB-E</subfield>
      <subfield code="o">94</subfield>
      <subfield code="q">Publisher</subfield>
      <subfield code="v">1.6</subfield>
      <subfield code="x">England</subfield>
    </datafield>
    <datafield tag="926" ind1="2" ind2=" ">
      <subfield code="a">1DDU-GB-S</subfield>
      <subfield code="o">94</subfield>
      <subfield code="q">Publisher</subfield>
      <subfield code="v">1.6</subfield>
      <subfield code="x">Schottland</subfield>
    </datafield>
    <datafield tag="926" ind1="2" ind2=" ">
      <subfield code="a">1DDU-GB-SHA</subfield>
      <subfield code="o">94</subfield>
      <subfield code="q">Publisher</subfield>
      <subfield code="v">1.6</subfield>
      <subfield code="x">Aberdeen &amp; Deeside</subfield>
    </datafield>
    <datafield tag="926" ind1="2" ind2=" ">
      <subfield code="a">3MRB</subfield>
      <subfield code="o">96</subfield>
      <subfield code="q">Publisher</subfield>
      <subfield code="v">1.6</subfield>
      <subfield code="x">Erste Hälfte 21. Jahrhundert (ca. 2000 bis ca. 2050)</subfield>
    </datafield>
  </record></recordData><recordPosition>5</recordPosition></record></records><nextRecordPosition>6</nextRecordPosition><echoedSearchRetrieveRequest><version>1.1</version><query>PER=Aaronovitch and PER=Ben</query><xQuery xmlns:xsi="http://www.w3.org/2001/XMLSchema-instance" xsi:nil="true"/><maximumRecords>5</maximumRecords><recordSchema>MARC21-xml</recordSchema></echoedSearchRetrieveRequest></searchRetrieveResponse>